@Manual{wordnet,
    title = {wordnet: WordNet Interface},
    author = {Ingo Feinerer and Kurt Hornik},
    year = {2017},
    note = {R package version 0.1-14},
    url = {https://CRAN.R-project.org/package=wordnet},
  }                  
@techreport{francis79browncorpus,
  added-at = {2008-02-29T17:14:20.000+0100},
  author = {Francis, W. N. and Kucera, H.},
  biburl = {https://www.bibsonomy.org/bibtex/260bb0c74c2ecced0632393e47eb64f48/sb3000},
  institution = {Department of Linguistics, Brown University, Providence, Rhode Island, US},
  interhash = {119c367841941ad1a8f0db35d9f1c0b9},
  intrahash = {60bb0c74c2ecced0632393e47eb64f48},
  keywords = {corpus linguistics text-mining},
  timestamp = {2008-02-29T17:14:20.000+0100},
  title = {Brown Corpus Manual},
  url = {http://icame.uib.no/brown/bcm.html},
  year = 1979
}

@book{manning:1999,
author = {Manning, Christopher D. and Sch\"{u}tze, Hinrich},
title = {Foundations of Statistical Natural Language Processing},
year = 1999,
isbn = {0262133601},
publisher = {MIT Press},
pages = {187--189},
address = {Cambridge, MA, USA}
}

@article{robertson:2009,
  added-at = {2010-06-21T16:51:15.000+0200},
  author = {Robertson, S.},
  biburl = {https://www.bibsonomy.org/bibtex/290c019a14b13159b029f7ac8dfc890c2/folke},
  interhash = {9e647a48e30bdde9976744b39db0fdc9},
  intrahash = {90c019a14b13159b029f7ac8dfc890c2},
  journal = {Foundations and Trends{\textregistered} in Information Retrieval},
  keywords = {bm25 information ir retrieval tutorial},
  number = 4,
  pages = {333--389},
  publisher = {Mike Casey},
  timestamp = {2010-06-21T16:51:15.000+0200},
  title = {{The Probabilistic Relevance Framework: BM25 and Beyond}},
  url = {http://scholar.google.de/scholar.bib?q=info:U4l9kCVIssAJ:scholar.google.com/&output=citation&hl=de&as_sdt=2000&as_vis=1&ct=citation&cd=1},
  volume = 3,
  year = 2009
}                  

@software{lucene,
  author = {{Apache Software Foundation}},
  title = {Lucene},
  url = {https://lucene.apache.org},
  version = {8.5.1},
  date = {2020-05-03},
}                  

@software{github,
  author = {{Eric Melz}},
  title = {Understanding Receipts Github},
  url = {https://github.com/ericmelz/XCS224U-Project},
  year      = "2020",
  version = {1.0.0},
  date = {2020-05-03},
}                  

@article{Lourentzo:2019,
  author    = {Ismini Lourentzou and
               Kabir Manghnani and
               ChengXiang Zhai},
  title     = {Adapting Sequence to Sequence models for Text Normalization in Social
               Media},
  journal   = {CoRR},
  volume    = {abs/1904.06100},
  year      = "2019",
  url       = {http://arxiv.org/abs/1904.06100},
  archivePrefix = {arXiv},
  eprint    = {1904.06100},
  timestamp = {Thu, 25 Apr 2019 13:55:01 +0200},
  biburl    = {https://dblp.org/rec/journals/corr/abs-1904-06100.bib},
  bibsource = {dblp computer science bibliography, https://dblp.org}
}                  

@inproceedings{liu-etal-2015-exploiting,
    title = "Exploiting Task-Oriented Resources to Learn Word Embeddings for Clinical Abbreviation Expansion",
    author = "Liu, Yue  and
      Ge, Tao  and
      Mathews, Kusum  and
      Ji, Heng  and
      McGuinness, Deborah",
    booktitle = "Proceedings of {B}io{NLP} 15",
    month = jul,
    year = "2015",
    address = "Beijing, China",
    publisher = "Association for Computational Linguistics",
    url = "https://www.aclweb.org/anthology/W15-3810",
    doi = "10.18653/v1/W15-3810",
    pages = "92--97",
}                  

@inproceedings{SchwartzH03,
  added-at = {2020-03-12T00:00:00.000+0100},
  author = {Schwartz, Ariel S. and Hearst, Marti A.},
  biburl = {https://www.bibsonomy.org/bibtex/26c9c0d2a281025461c49d3c6d54932b0/dblp},
  booktitle = {Pacific Symposium on Biocomputing},
  editor = {Altman, Russ B. and Dunker, A. Keith and Hunter, Lawrence and Klein, Teri E.},
  ee = {http://psb.stanford.edu/psb-online/proceedings/psb03/schwartz.pdf},
  interhash = {91239c4725acd81eda87d9d24de9dc8a},
  intrahash = {6c9c0d2a281025461c49d3c6d54932b0},
  keywords = {dblp},
  pages = {451-462},
  timestamp = {2020-03-13T12:48:10.000+0100},
  title = {A Simple Algorithm for Identifying Abbreviation Definitions in Biomedical Text.},
  url = {http://dblp.uni-trier.de/db/conf/psb/psb2003.html#SchwartzH03},
  year = 2003
}

@article{deerwester-indexing-1990,
  added-at = {2008-11-10T11:19:43.000+0100},
  author = {Deerwester, S. and Dumais, S.T. and Furnas, G.W. and Landauer, T.K. and Harshman, R.A.},
  biburl = {https://www.bibsonomy.org/bibtex/2e740ea9eb09bf939da47645ce2502c25/dnoack},
  interhash = {c15e0f019b2b967d224e7443100e8ff9},
  intrahash = {e740ea9eb09bf939da47645ce2502c25},
  journal = {Journal of the American Society for Information Science 41},
  keywords = {indexing semantic_analysis semantics wismasys0809},
  pages = {391-407},
  timestamp = {2008-11-10T11:20:53.000+0100},
  title = {Indexing by latent semantic analysis.},
  year = 1990
}

@incollection{NIPS2013_5021,
  title = {Distributed Representations of Words and Phrases and their Compositionality},
  author = {Mikolov, Tomas and Sutskever, Ilya and Chen, Kai and Corrado, Greg S and Dean, Jeff},
  booktitle = {Advances in Neural Information Processing Systems 26},
  editor = {C. J. C. Burges and L. Bottou and M. Welling and Z. Ghahramani and K. Q. Weinberger},
  pages = {3111--3119},
  year = {2013},
  publisher = {Curran Associates, Inc.},
  url = {http://papers.nips.cc/paper/5021-distributed-representations-of-words-and-phrases-and-their-compositionality.pdf}
}


@InProceedings{JACQUET14.468,
  author = {Guillaume Jacquet and Maud Ehrmann and Ralf Steinberger},
  title = {Clustering of Multi-Word Named Entity variants: Multilingual Evaluation},
  booktitle = {Proceedings of the Ninth International Conference on Language Resources and Evaluation (LREC'14)},
  year = {2014},
  month = {may},
  date = {26-31},
  address = {Reykjavik, Iceland},
  editor = {Nicoletta Calzolari (Conference Chair) and Khalid Choukri and Thierry Declerck and Hrafn Loftsson and Bente Maegaard and Joseph Mariani and Asuncion Moreno and Jan Odijk and Stelios Piperidis},
  publisher = {European Language Resources Association (ELRA)},
  isbn = {978-2-9517408-8-4},
  language = {english}
 }                  

@article{DBLP:journals/corr/abs-1709-08074,
  author    = {Michael R. Glass and
               Md. Faisal Mahbub Chowdhury and
               Alfio Massimiliano Gliozzo},
  title     = {Language Independent Acquisition of Abbreviations},
  journal   = {CoRR},
  volume    = {abs/1709.08074},
  year      = {2017},
  url       = {http://arxiv.org/abs/1709.08074},
  archivePrefix = {arXiv},
  eprint    = {1709.08074},
  timestamp = {Mon, 13 Aug 2018 16:46:30 +0200},
  biburl    = {https://dblp.org/rec/journals/corr/abs-1709-08074.bib},
  bibsource = {dblp computer science bibliography, https://dblp.org}
}                  

@INPROCEEDINGS{Huang:2019,
    author={Z. {Huang} and K. {Chen} and J. {He} and X. {Bai} and D. {Karatzas} and S. {Lu} and C. V. {Jawahar}},
    booktitle={2019 International Conference on Document Analysis and Recognition (ICDAR)},
    title={ICDAR2019 Competition on Scanned Receipt OCR and Information Extraction},
    year={2019},
    volume={},
    number={},
    pages={1516-1520},}                  

@article{Hachey:2012,
	author = {Ben Hachey and Will Radford and Joel Notham and Matthew Honnibal and James R. Curran},
	year = "2012",
        title = "Artificial Intelligence, Wikipedia and Semi-Structured Resources Evaluating Entity Linking with Wikipedia",
	journal = {Artificial Intelligence},
	volume = "194",
	number = "11",
	pages = "130--150",
     	doi = "10.1016/j.artint.2012.04.005",
}
                  

@article{NEL:20,
    author  = {Alfred V. Aho and Jeffrey D. Ullman},
    title   = {The Theory of Parsing, Translation and Compiling},
    year    = "1972",
    title     = {Entity Linking},
    url       = {https://en.wikipedia.org/wiki/Entity_linking},
}

@book{Aho:72,
    author  = {Alfred V. Aho and Jeffrey D. Ullman},
    title   = {The Theory of Parsing, Translation and Compiling},
    year    = "1972",
    volume  = "1",
    publisher = {Prentice-Hall},
    address = {Englewood Cliffs, NJ}
}

@book{APA:83,
    author  = {{American Psychological Association}},
    title   = {Publications Manual},
    year    = "1983",
   publisher = {American Psychological Association},
   address = {Washington, DC}
}

@article{ACM:83,
	author = {Association for Computing Machinery},
	year = "1983",
	journal = {Computing Reviews},
	volume = "24",
	number = "11",
	pages = "503--512"
}

@article{Chandra:81,
	author = {Ashok K. Chandra and Dexter C. Kozen and Larry J. Stockmeyer},
	year = "1981",
	title = {Alternation},
	journal = {Journal of the Association for Computing Machinery},
	volume = "28",
	number = "1",
	pages = "114--133",
	doi = "10.1145/322234.322243",
}

@inproceedings{andrew2007scalable,
  title={Scalable training of {L1}-regularized log-linear models},
  author={Andrew, Galen and Gao, Jianfeng},
  booktitle={Proceedings of the 24th International Conference on Machine Learning},
  pages={33--40},
  year={2007},
}

@book{Gusfield:97,
    author  = {Dan Gusfield},
    title   = {Algorithms on Strings, Trees and Sequences},
    year    = "1997",
    publisher = {Cambridge University Press},
    address = {Cambridge, UK}
}

@inproceedings{borsch2011,
	Address = {Canberra, Australia},
	Author = {Benjamin Borschinger and Mark Johnson},
	Booktitle = {Proceedings of the Australasian Language Technology Association Workshop 2011},
	Month = {December},
	Pages = {10--18},
	Title = {A Particle Filter algorithm for {B}ayesian Wordsegmentation},
	Year = {2011}}

@article{rasooli-tetrault-2015,
    author    = {Mohammad Sadegh Rasooli and Joel R. Tetreault},
    title     = {Yara Parser: {A} Fast and Accurate Dependency Parser},
    journal   = {Computing Research Repository},
    volume    = {arXiv:1503.06733},
    year      = {2015},
    url       = {http://arxiv.org/abs/1503.06733},
    note    = {version 2}
}

@article{Ando2005,
	Acmid = {1194905},
	Author = {Ando, Rie Kubota and Zhang, Tong},
	Issn = {1532-4435},
	Issue_Date = {12/1/2005},
	Journal = {Journal of Machine Learning Research},
	Month = dec,
	Numpages = {37},
	Pages = {1817--1853},
	Publisher = {JMLR.org},
	Title = {A Framework for Learning Predictive Structures from Multiple Tasks and Unlabeled Data},
	Volume = {6},
	Year = {2005}}

@InProceedings{P16-1001,
  author =	"Goodman, James
  	 and Vlachos, Andreas
	     and Naradowsky, Jason",
  title =    "Noise reduction and targeted exploration in imitation learning for      Abstract Meaning Representation parsing    ",
  booktitle = 	    "Proceedings of the 54th Annual Meeting of the Association for      Computational Linguistics (Volume 1: Long Papers)    ",
  year =    "2016",
  publisher =	"Association for Computational Linguistics",
  pages =   "1--11",
  location =	"Berlin, Germany",
  doi =    "10.18653/v1/P16-1001",
  url =    "http://aclweb.org/anthology/P16-1001"
}

@InProceedings{C14-1001,
  author =	"Harper, Mary",
  title = 	"Learning from 26 Languages: Program Management and Science in the Babel Program",
  booktitle = 	"Proceedings of COLING 2014, the 25th International Conference on Computational Linguistics: Technical Papers",
  year =    "2014",
  publisher =	"Dublin City University and Association for Computational Linguistics",
  pages =   "1",
  location =	"Dublin, Ireland",
  url =    "http://aclweb.org/anthology/C14-1001"
}
